<record xmlns="http://www.loc.gov/MARC21/slim" xmlns:xsi="http://www.w3.org/2001/XMLSchema-instance" xsi:schemaLocation="http://www.loc.gov/MARC21/slim http://www.loc.gov/standards/marcxml/schema/MARC21slim.xsd"><leader>     nam a22        4500</leader><controlfield tag="001">3080154</controlfield><controlfield tag="003">NNC</controlfield><controlfield tag="006">m        d        </controlfield><controlfield tag="007">cr cn |||m|||a</controlfield><controlfield tag="008">150313s1963    iq      ob    001 0 arard</controlfield><datafield ind1=" " ind2=" " tag="040"><subfield code="a">NNU</subfield><subfield code="b">eng</subfield><subfield code="e">rda</subfield><subfield code="c">NNU</subfield></datafield><datafield ind1="1" ind2=" " tag="041"><subfield code="a">ara</subfield><subfield code="h">eng</subfield></datafield><datafield ind1=" " ind2=" " tag="043"><subfield code="a">aw-----</subfield><subfield code="a">ma-----</subfield></datafield><datafield ind1=" " ind2="4" tag="050"><subfield code="a">D198.2</subfield><subfield code="b">.R6712</subfield></datafield><datafield ind1="1" ind2=" " tag="100"><subfield code="6">880-01</subfield><subfield code="a">Rosenthal, Franz,</subfield><subfield code="d">1914-2003.</subfield></datafield><datafield ind1="1" ind2="0" tag="240"><subfield code="a">History of Muslim historiography.</subfield><subfield code="l">Arabic</subfield></datafield><datafield ind1="1" ind2="0" tag="245"><subfield code="6">880-02</subfield><subfield code="a">&#699;Ilm al-ta&#700;ri&#772;kh &#699;inda al-Muslimi&#772;n /</subfield><subfield code="c">Fra&#772;nz Ru&#772;zintha&#772;l ; tarjamah, S&#803;a&#772;lih&#803; Ah&#803;mad al-&#699;Ali&#772; ; mura&#772;ja&#699;ah Muh&#803;ammad Tawfi&#772;q H&#803;usayn.</subfield></datafield><datafield ind1=" " ind2=" " tag="260"><subfield code="a">Baghda&#772;d :</subfield><subfield code="b">Maktabat al-Muthannan,</subfield><subfield code="c">1963.</subfield></datafield><datafield ind1=" " ind2=" " tag="300"><subfield code="a">online resource (10, 860 pages)</subfield></datafield><datafield ind1=" " ind2=" " tag="336"><subfield code="a">text</subfield><subfield code="2">rdacontent</subfield></datafield><datafield ind1=" " ind2=" " tag="337"><subfield code="a">computer</subfield><subfield code="2">rdamedia</subfield></datafield><datafield ind1=" " ind2=" " tag="338"><subfield code="a">online resource</subfield><subfield code="2">rdacarrier</subfield></datafield><datafield ind1=" " ind2=" " tag="500"><subfield code="a">Romanized record.</subfield></datafield><datafield ind1=" " ind2=" " tag="500"><subfield code="a">Translation of: History of Muslim historiography.</subfield></datafield><datafield ind1=" " ind2=" " tag="500"><subfield code="a">Part of the Arabic Collections Online (ACO) project, contributed by Columbia University Libraries.</subfield></datafield><datafield ind1=" " ind2=" " tag="504"><subfield code="a">Includes bibliographical references and index.</subfield></datafield><datafield ind1=" " ind2=" " tag="533"><subfield code="a">Electronic reproduction.</subfield><subfield code="b">New York, N.Y. :</subfield><subfield code="c">New York University,</subfield><subfield code="d">2015.</subfield><subfield code="5">NNU</subfield></datafield><datafield ind1=" " ind2="0" tag="650"><subfield code="a">Historians, Arab.</subfield></datafield><datafield ind1=" " ind2="0" tag="651"><subfield code="a">Middle East</subfield><subfield code="x">Historiography.</subfield></datafield><datafield ind1=" " ind2="0" tag="650"><subfield code="a">Islam</subfield><subfield code="x">Historiography.</subfield></datafield><datafield ind1=" " ind2="7" tag="650"><subfield code="a">Historians, Arab.</subfield><subfield code="2">fast</subfield><subfield code="0">(OCoLC)fst00957715</subfield></datafield><datafield ind1=" " ind2="7" tag="650"><subfield code="a">Historiography.</subfield><subfield code="2">fast</subfield><subfield code="0">(OCoLC)fst00958221</subfield></datafield><datafield ind1=" " ind2="7" tag="650"><subfield code="a">Islam</subfield><subfield code="x">Historiography.</subfield><subfield code="2">fast</subfield><subfield code="0">(OCoLC)fst00979803</subfield></datafield><datafield ind1=" " ind2="7" tag="651"><subfield code="a">Middle East.</subfield><subfield code="2">fast</subfield><subfield code="0">(OCoLC)fst01241586</subfield></datafield><datafield ind1="1" ind2=" " tag="700"><subfield code="6">880-03</subfield><subfield code="a">&#699;Ali&#772;, S&#803;a&#772;lih&#803; Ah&#803;mad.</subfield></datafield><datafield ind1="1" ind2=" " tag="700"><subfield code="6">880-04</subfield><subfield code="a">H&#803;usayn, Muh&#803;ammad Tawfi&#772;q.</subfield></datafield><datafield ind1="2" ind2=" " tag="710"><subfield code="a">Columbia University.</subfield><subfield code="b">Libraries.</subfield></datafield><datafield ind1="0" ind2=" " tag="730"><subfield code="a">Arabic Collections Online.</subfield></datafield><datafield ind1="0" ind2="8" tag="776"><subfield code="i">Online version:</subfield><subfield code="a">Rosenthal, Franz, 1914-2003.</subfield><subfield code="s">History of Muslim historiography. Arabic.</subfield><subfield code="t">&#699;Ilm al-ta&#700;ri&#772;kh &#699;inda al-Muslimi&#772;n.</subfield><subfield code="d">Baghda&#772;d : Maktabat al-Muthannan, 1963</subfield><subfield code="w">(OCoLC)755043123</subfield></datafield><datafield ind1="0" ind2="8" tag="776"><subfield code="i">Print version:</subfield><subfield code="a">Rosenthal, Franz, 1914-2003.</subfield><subfield code="t">&#699;Ilm al-ta&#700;ri&#772;kh &#699;inda al-Muslimi&#772;n</subfield><subfield code="w">(NNC)3080154</subfield><subfield code="w">(OCoLC)29774447</subfield></datafield><datafield ind1="4" ind2="0" tag="856"><subfield code="u">http://hdl.handle.net/2333.1/08kprtfz</subfield></datafield><datafield ind1="1" ind2=" " tag="880"><subfield code="6">100-01/r</subfield><subfield code="a">&#1585;&#1608;&#1586;&#1606;&#1579;&#1575;&#1604;&#1548; &#1601;&#1585;&#1575;&#1606;&#1586;.</subfield></datafield><datafield ind1="1" ind2="0" tag="880"><subfield code="6">245-02/r</subfield><subfield code="a">&#1593;&#1604;&#1605; &#1575;&#1604;&#1578;&#1571;&#1585;&#1610;&#1582; &#1593;&#1606;&#1583; &#1575;&#1604;&#1605;&#1587;&#1604;&#1605;&#1610;&#1606; /</subfield><subfield code="c">&#1601;&#1585;&#1575;&#1606;&#1586; &#1585;&#1608;&#1586;&#1606;&#1579;&#1575;&#1604; &#1563; &#1578;&#1585;&#1580;&#1605;&#1577; &#1589;&#1575;&#1604;&#1581; &#1571;&#1581;&#1605;&#1583; &#1575;&#1604;&#1593;&#1604;&#1610; &#1563; &#1605;&#1585;&#1575;&#1580;&#1593;&#1577; &#1605;&#1581;&#1605;&#1583; &#1578;&#1608;&#1601;&#1610;&#1602; &#1581;&#1587;&#1610;&#1606;.</subfield></datafield><datafield ind1=" " ind2=" " tag="880"><subfield code="6">260-00/r</subfield><subfield code="a">&#1576;&#1594;&#1583;&#1575;&#1583; :</subfield><subfield code="b">&#1605;&#1603;&#1578;&#1576;&#1577; &#1575;&#1604;&#1605;&#1579;&#1606;&#1609;&#1548;</subfield><subfield code="c">1963.</subfield></datafield><datafield ind1="1" ind2=" " tag="880"><subfield code="6">700-03/r</subfield><subfield code="a">&#1593;&#1604;&#1610;&#1548; &#1589;&#1575;&#1604;&#1581; &#1571;&#1581;&#1605;&#1583;.</subfield></datafield><datafield ind1="1" ind2=" " tag="880"><subfield code="6">700-04/r</subfield><subfield code="a">&#1581;&#1587;&#1610;&#1606;&#1548; &#1605;&#1581;&#1605;&#1583; &#1578;&#1608;&#1601;&#1610;&#1602;.</subfield></datafield><datafield ind1=" " ind2=" " tag="959"><subfield code="a">NNU</subfield><subfield code="b">WEB</subfield><subfield code="c">GENI</subfield><subfield code="t">0</subfield><subfield code="m">Electronic access</subfield><subfield code="s">01</subfield></datafield><datafield ind1=" " ind2=" " tag="999"><subfield code="i">NNC_3080154</subfield><subfield code="o">(OCoLC)ocm29774447 </subfield><subfield code="s">columbia_aco000423</subfield><subfield code="e">(ERROR-880)</subfield></datafield></record>